% This file was created with JabRef 2.10.
% Encoding: Cp1252


@Book{Peterson2012,
  Title                    = {Cartographer's toolkit},
  Author                   = {Gretchen N. Peterson},
  Publisher                = {PetersonGIS},
  Year                     = {2012},

  Owner                    = {ian.turton},
  Timestamp                = {2014.11.18}
}

@TechReport{snyder,
  Title                    = {Map Projections -- A Working Manual},
  Author                   = {John P. Snyder},
  Institution              = {U.S. Geological Survey},
  Year                     = {1987},
  Number                   = {1395},
  Type                     = {Professional Paper},

  Owner                    = {ian.turton},
  Timestamp                = {2014.11.17},
  Url                      = {http://pubs.usgs.gov/pp/1395/report.pdf}
}

